@book{olds2016food,
  title={Food stamp entrepreneurs},
  author={Olds, Gareth},
  year={2016},
  publisher={Harvard Business School}
}



@article{Young1987,
author = {Young, John T and Shapiro, Robert Y and Patterson, Kelly D and Russell, Judith},
file = {:C$\backslash$:/Users/walee/OneDrive - University of Oklahoma/OU/PhD (Economics)/Semester 3/Public Finance 2/Research Paper/Food stamps and entrepreneurship/Public Assistance.pdf:pdf},
issn = {0033362X, 15375331},
journal = {The Public Opinion Quarterly},
mendeley-groups = {Public Finance Research},
month = {Nov},
number = {1},
pages = {120--130},
publisher = {[Oxford University Press, American Association for Public Opinion Research]},
title = {{Public Assistance}},
url = {http://www.jstor.org/stable/2749064},
volume = {51},
year = {1987}
}


@book{bartfeld2015snap,
  title={SNAP matters: how food stamps affect health and well-being},
  author={Bartfeld, Judith and Gundersen, Craig and Smeeding, Timothy and Ziliak, James P},
  year={2015},
  publisher={Stanford University Press}
}


@article{ziliak2016modernizing,
  title={Modernizing SNAP benefits},
  author={Ziliak, James P},
  journal={Policy Proposal},
  volume={6},
  year={2016}
}


@article{schayek2011impact,
  title={The Impact of Public Assistance Programs on Small Businesses: Strategic Planning, Entrepreneurship Resources Usage, and Market Orientation as Mediating Variables},
  author={Schayek, Rami and Dvir, Dov},
  journal={Journal of Small Business Strategy},
  volume={22},
  number={1},
  pages={67--98},
  year={2011}
}


@techreport{canning2019supplemental,
  title={The Supplemental Nutrition Assistance Program (SNAP) and the Economy: New Estimates of the SNAP Multiplier},
  author={Canning, Patrick and Stacy, Brian},
  year={2019}
}


@techreport{tiehen2012state,
  title={How state policies influence the efficacy of the Supplemental Nutrition Assistance Program in reducing poverty},
  author={Tiehen, Laura and Jolliffe, Dean and Gundersen, Craig},
  year={2012}
}

@article{daponte1999low,
  title={Why do low-income households not use food stamps? Evidence from an experiment},
  author={Daponte, Beth Osborne and Sanders, Seth and Taylor, Lowell},
  journal={Journal of Human resources},
  pages={612--628},
  year={1999},
  publisher={JSTOR}
}



@article{belachew2011food,
  title={Food insecurity, school absenteeism and educational attainment of adolescents in Jimma Zone Southwest Ethiopia: a longitudinal study},
  author={Belachew, Tefera and Hadley, Craig and Lindstrom, David and Gebremariam, Abebe and Lachat, Carl and Kolsteren, Patrick},
  journal={Nutrition journal},
  volume={10},
  number={1},
  pages={29},
  year={2011},
  publisher={Springer}
}





@article{frongillo2006food,
  title={Food stamp program participation is associated with better academic learning among school children},
  author={Frongillo, Edward A and Jyoti, Diana F and Jones, Sonya J},
  journal={The Journal of nutrition},
  volume={136},
  number={4},
  pages={1077--1080},
  year={2006},
  publisher={Oxford University Press}
}




@article{jyoti2005food,
  title={Food insecurity affects school children's academic performance, weight gain, and social skills},
  author={Jyoti, Diana F and Frongillo, Edward A and Jones, Sonya J},
  journal={The Journal of nutrition},
  volume={135},
  number={12},
  pages={2831--2839},
  year={2005},
  publisher={Oxford University Press}
}


@article{rose2008household,
  title={Household food insecurity: associations with at-risk infant and toddler development},
  author={Rose-Jacobs, Ruth and Black, Maureen M and Casey, Patrick H and Cook, John T and Cutts, Diana B and Chilton, Mariana and Heeren, Timothy and Levenson, Suzette M and Meyers, Alan F and Frank, Deborah A},
  journal={Pediatrics},
  volume={121},
  number={1},
  pages={65--72},
  year={2008},
  publisher={Am Acad Pediatrics}
}

@article{el2019prevalence,
  title={Prevalence and correlates of food insecurity among US college students: a multi-institutional study},
  author={El Zein, Aseel and Shelnutt, Karla P and Colby, Sarah and Vilaro, Melissa J and Zhou, Wenjun and Greene, Geoffrey and Olfert, Melissa D and Riggsbee, Kristin and Morrell, Jesse Stabile and Mathews, Anne E},
  journal={BMC public health},
  volume={19},
  number={1},
  pages={660},
  year={2019},
  publisher={Springer}
}

@article{rodrigues2018impact,
  title={The Impact of (Opportunity and Necessity) Entrepreneurship on Economic Growth: Does Human Capital Matter?},
  author={Rodrigues, Daniela Ribeiro},
  year={2018}
}


@article{stoica2020nexus,
  title={The Nexus between Entrepreneurship and Economic Growth: A Comparative Analysis on Groups of Countries},
  author={Stoica, Ovidiu and Roman, Angela and Rusu, Valentina Diana},
  journal={Sustainability},
  volume={12},
  number={3},
  pages={1186},
  year={2020},
  publisher={Multidisciplinary Digital Publishing Institute}
}

@article{kautonen2010impact,
  title={The impact of a necessity-based start-up on subsequent entrepreneurial satisfaction},
  author={Kautonen, Teemu and Palmroos, Jenni},
  journal={International Entrepreneurship and Management Journal},
  volume={6},
  number={3},
  pages={285--300},
  year={2010},
  publisher={Springer}
}


@article{gries2010entrepreneurship,
  title={Entrepreneurship and structural economic transformation},
  author={Gries, Thomas and Naud{\'e}, Wim},
  journal={Small Business Economics},
  volume={34},
  number={1},
  pages={13--29},
  year={2010},
  publisher={Springer}
}



@article{levitt2001alternative,
  title={Alternative strategies for identifying the link between unemployment and crime},
  author={Levitt, Steven D},
  journal={Journal of quantitative criminology},
  volume={17},
  number={4},
  pages={377--390},
  year={2001},
  publisher={Springer}
}


@techreport{tiehen2012alleviating,
  title={Alleviating poverty in the United States: The critical role of SNAP benefits},
  author={Tiehen, Laura and Jolliffe, Dean and Gundersen, Craig},
  year={2012}
}



@article{hoynes2017real,
  title={The real value of SNAP benefits and health outcomes},
  author={Hoynes, Hilary W and Bronchetti, Erin and Christensen, Garret},
  year={2017}
}


@book{collins2009portfolios,
  title={Portfolios of the poor: how the world's poor live on \$2 a day},
  author={Collins, Daryl and Morduch, Jonathan and Rutherford, Stuart and Ruthven, Orlanda},
  year={2009},
  publisher={Princeton University Press}
}














